@online{MIT_1, 
author={Patrick Winston}, 
maintitle={Artificial Intelligence },
title={Lecture 16: Learning: Support Vector Machines},
year={2010},
month={Fall}, 
url = "https://www.youtube.com/watch?v=_PwhiWxHK8o",
urldate = {2018-01-08},
}

@online{MIT_2, 
author={Jessica Noss}, 
maintitle={Artificial Intelligence },
title={Recitation 7: Support Vector Machines (SVMs)},
year={2016},
month={11},
day={4}, 
url = "https://www.youtube.com/watch?v=ik7E7r2a1h8",
urldate = {2018-01-05},
}