
@book{marsland2015machine,
  title={Machine learning: an algorithmic perspective},
  author={Marsland, Stephen},
  year={2015},
  publisher={CRC press}
}


@book{mohri2012foundations,
  title={Foundations of machine learning},
  author={Mohri, Mehryar and Rostamizadeh, Afshin and Talwalkar, Ameet},
  year={2012},
  publisher={MIT press}
}

@book{goodfellow2016deep,
  title={Deep learning},
  author={Goodfellow, Ian and Bengio, Yoshua and Courville, Aaron},
  year={2016},
  publisher={MIT press}
}

@book{lee2007nonlinear,
  title={Nonlinear dimensionality reduction},
  author={Lee, John A and Verleysen, Michel},
  year={2007},
  publisher={Springer Science \& Business Media}
}

@article{rubinstein2010dictionaries,
  title={Dictionaries for sparse representation modeling},
  author={Rubinstein, Ron and Bruckstein, Alfred M and Elad, Michael},
  journal={Proceedings of the IEEE},
  volume=98,
  number=6,
  pages={1045--1057},
  year=2010,
  publisher={IEEE}
}

@book{edelsbrunner2010computational,
  title={Computational topology: an introduction},
  author={Edelsbrunner, Herbert and Harer, John},
  year={2010},
  publisher={American Mathematical Soc.}
}

@misc{andrengLectures,
  author={Andrew NG},
  title = {CS229},
  howpublished = {\url{https://see.stanford.edu/Course/CS229}, \url{http://y2u.be/PPLop4L2eGk}},
  note = {}
}